<?xml version="1.0" encoding="UTF-8"?><record xmlns="http://www.loc.gov/MARC21/slim" xmlns:cinclude="http://apache.org/cocoon/include/1.0" xmlns:zs="http://www.loc.gov/zing/srw/">
  <leader>00549nz  a2200145n  4500</leader>
  <controlfield tag="001">no2008187267</controlfield>
  <controlfield tag="003">DLC</controlfield>
  <controlfield tag="005">20081220081333.0</controlfield>
  <controlfield tag="008">081218n| acannaabn          |n aaa     c</controlfield>
  <datafield tag="010" ind1=" " ind2=" ">
    <subfield code="a">no2008187267</subfield>
  </datafield>
  <datafield tag="035" ind1=" " ind2=" ">
    <subfield code="a">(OCoLC)oca07969493</subfield>
  </datafield>
  <datafield tag="040" ind1=" " ind2=" ">
    <subfield code="a">InU-Mu</subfield>
    <subfield code="b">eng</subfield>
    <subfield code="c">InU-Mu</subfield>
  </datafield>
  <datafield tag="100" ind1="1" ind2=" ">
    <subfield code="a">Goveia, Ruth</subfield>
  </datafield>
  <datafield tag="670" ind1=" " ind2=" ">
    <subfield code="a">Strauss, R. Burleske in D minor (1885) [SR] 2002:</subfield>
    <subfield code="b">program (Ruth Goveia; piano)</subfield>
  </datafield>
  <datafield tag="670" ind1=" " ind2=" ">
    <subfield code="a">Goveia, R. A stylistic exploration of GyoĚrgy Ligeti's "Musica reservata" and "Cordes aĚ vide", 2006:</subfield>
    <subfield code="b">title leaf (Ruth Goveia; D. Mus., Indiana University)</subfield>
  </datafield>
</record>